@misc{abenz2012qralgorithm,
  title={{T}he {QR} {A}lgorithm},
  author={Peter Abenz},
  howpublished={\url{http://people.inf.ethz.ch/arbenz/ewp/Lnotes/chapter3.pdf}},
  year={2012},
}
@unpublished{holland2008pca,
  title={{P}rincipal {C}omponent {A}nalysis ({PCA})},
  author={Steven M. Holland},
  note={\url{http://strata.uga.edu/software/pdf/pcaTutorial.pdf}},
  year={2008},
}

@misc{scikitlearn2012multiclass,
  title = {{S}ci{K}it {L}earn - Multiclass Classification},
  author = {{S}ciKit {L}earn {D}evelopers},
  howpublished={\url{http://scikit-learn.org/stable/modules/multiclass.html}},
  year={2012},
}

@article{frank2006algorithm,
  title={An algorithm for quadratic programming},
  author={Frank, M. and Wolfe, P.},
  journal={Naval research logistics quarterly},
  volume={3},
  number={1-2},
  pages={95--110},
  year={2006},
  publisher={Wiley Online Library}
}

@article{aly2005survey,
  title={Survey on multiclass classification methods},
  author={Aly, M.},
  journal={Neural networks},
  pages={1--9},
  year={2005}
}

@article{smith2002tutorial,
  title={A tutorial on principal components analysis},
  author={Smith, L.I.},
  journal={Cornell University, USA},
  volume={51},
  pages={52},
  year={2002}
}

@misc{learningfromdata2012course,
  title = {Learning from data -- {O}n-line course},
  author={Abu-Mostafa, Yaser S.},
  howpublished={\url{http://work.caltech.edu/telecourse.html}},
  year={2012},
}

@misc{scikitlearn2012nearestneighbours,
  title = {{S}ci{K}it {L}earn - Unsupervised Nearest Neighbours},
  author = {{S}ciKit {L}earn {D}evelopers},
  howpublished={\url{http://scikit-learn.org/stable/modules/neighbors.html#unsupervised-nearest-neighbors}},
  year={2012},
}

@book{learningfromdata2012book,
 author = {Abu-Mostafa, Yaser S. and Magdon-Ismail, Malik and Lin, Hsuan-Tien},
 title = {Learning from data},
 year = {2012},
 isbn = {1600490069, 9781600490064},
 publisher = {AMLBook},
}

@inproceedings{sutton96generalizationin,
    author = {Richard S. Sutton},
    title = {Generalization in Reinforcement Learning: {S}uccessful Examples Using Sparse Coarse Coding},
    booktitle = {Advances in Neural Information Processing Systems 8},
    year = {1996},
    pages = {1038--1044},
    publisher = {MIT Press}
}

@inproceedings{boyan95generalizationin,
    author = {Justin A. Boyan and Andrew W. Moore},
    title = {Generalization in Reinforcement Learning: {S}afely Approximating the Value Function},
    booktitle = {Advances in Neural Information Processing Systems 7},
    year = {1995},
    pages = {369--376},
    publisher = {MIT Press}
}

@misc{scikitlearn2012website,
  title = {{S}ci{K}it {L}earn},
  author = {{S}ciKit {L}earn {D}evelopers},
  howpublished={\url{http://scikit-learn.org}},
  year={2012},
}

@misc{opencv2012website,
  title = {OpenCV},
  author = {{O}penCV {D}evelopers},
  howpublished={\url{http://opencv.org}},
  year={2012},
}

@misc{numpy2012website,
  title = {Numpy},
  author = {{N}umpy {D}evelopers},
  howpublished={\url{http://sourceforge.net/projects/numpy/}},
  year={2012},
}

@misc{matplotlib2012website,
  title = {Matplotlib},
  author = {{M}atplotlib {D}evelopers},
  howpublished={\url{http://matplotlib.org/}},
  year={2012},
}

@misc{phidgets2012website,
  title = {Phidgets},
  author = {{P}hidgets {D}evelopers},
  howpublished={\url{http://www.phidgets.com/}},
  year={2012},
}

@misc{phidgetexample2012download,
  title = {{P}hidgets {P}ython {E}xamples},
  author = {{A}dam {S}telmack},
  howpublished={\url{http://www.phidgets.com/downloads/examples/Python.zip}},
  year={2012},
}

@article{hansen2010eye,
  title={In the eye of the beholder: A survey of models for eyes and gaze},
  author={Hansen, D.W. and Ji, Q.},
  journal={Pattern Analysis and Machine Intelligence, IEEE Transactions on},
  volume={32},
  number={3},
  pages={478--500},
  year={2010},
  publisher={IEEE}
}