@unpublished{coqteam2013coq,
  title = {{The Coq Proof Assistant Reference Manual}},
  author = {{The Coq Development Team}},
  year = {2013}
}
@misc{ford2013functionalthinking,
  author = {{Neil Ford}},
  year = {2013},
  title = {{Functional thinking: Why functional programming is on the rise}},
  journal = {IBM DeveloperWorks},
  howpublished = {\url{http://www.ibm.com/developerworks/java/library/j-ft20/j-ft20-pdf.pdf}}
}
@inproceedings{wadler1989theorems,
  title={Theorems for free!},
  author={Wadler, Philip},
  booktitle={Proceedings of the fourth international conference on Functional programming languages and computer architecture},
  pages={347--359},
  year={1989},
  organization={ACM}
}
@inproceedings{mckinna2013deptypes,
 author = {McKinna, James},
 title = {Why Dependent Types Matter},
 booktitle = {Conference Record of the 33rd ACM SIGPLAN-SIGACT Symposium on Principles of Programming Languages},
 series = {POPL '06},
 year = {2006},
 isbn = {1-59593-027-2},
 location = {Charleston, South Carolina, USA},
 pages = {1--1},
 numpages = {1},
 url = {\url{http://doi.acm.org/10.1145/1111037.1111038}},
 doi = {10.1145/1111037.1111038},
 acmid = {1111038},
 publisher = {ACM},
 address = {New York, NY, USA},
}
@article{brady2013idris,
  author = {Brady, Edwin},
  title = {Idris, a general-purpose dependently typed programming language: Design and implementation},
  journal = {Journal of Functional Programming},
  volume = {23},
  issue = {05},
  month = {9},
  year = {2013},
  issn = {1469-7653},
  pages = {552--593},
  numpages = {42},
  doi = {10.1017/S095679681300018X},
  url = {\url{http://journals.cambridge.org/article_S095679681300018X}},
}
@inbook{goodrichtamassia2002algorithmdesign,
  author = {Goodrich, Michael T. and  Tamassia, Roberto},
  title = {{Algorithm Design}},
  chapter = {Chapter 3.2 AVL Trees},
  year = {2012},
  publisher = {{John Wiley \& Sons, Inc.}},
}
@inbook{nordstrom1990programming,
  chapter={Chapter 5 General Rules}
  title={Programming in Martin-L{\"o}fâ€™s type theory},
  author={Nordstr{\"o}m, Bengt and Petersson, Kent and Smith, Jan M},
  volume={200},
  year={1990},
  publisher = {{Oxford University Press}}
}
@inbook{univalent2013hott,
  author = {{The Univalent Foundations Program}},
  title = {{Homotopy Type Theory}},
  chapter = {Chapter 1 Type Theory},
  year = {2013},
  publisher = {{The Univalent Foundations Program}},
}
@PhdThesis{mcbride1999thesis,
  author = "Conor McBride",
  title =  "Dependently {T}yped {F}unctional {P}rograms and their {P}roofs",
  school =  "University of Edinburgh",
  year =  1999,
  note   =       {Chapter 5.1.3 John Major Equality. Available from \url{http://www.lfcs.informatics.ed.ac.uk/reports/00/ECS-LFCS-00-419/}},
}
@article{dybjer2003induction,
  title={Induction--recursion and initial algebras},
  author={Dybjer, Peter and Setzer, Anton},
  journal={Annals of Pure and Applied Logic},
  volume={124},
  number={1},
  pages={1--47},
  year={2003},
  publisher={Elsevier}
}
@misc{oracle2013projectlambda,
  title={JSR 335 Project Lambda},
  howpublished={\url{http://openjdk.java.net/projects/lambda/}},
  author={Oracle},
  note={Acessed 2013-12-15}
}
@misc{microsoft2013linq,
  title={LINQ Query Expressions},
  howpublished={\url{http://msdn.microsoft.com/en-us/library/bb397676.aspx}},
  author={Microsoft},
  note={Acessed 2013-12-15}
}

